@misc{anand, title={Scikit-learn cheat sheet: Methods for classification &amp; regression}, url={https://www.educative.io/blog/scikit-learn-cheat-sheet-classification-regression-methods}, journal={Educative}, author={Anand, Aman}} 
 
@misc{schrater, title={Regression part II - vision labs}, url={http://vision.psych.umn.edu/users/schrater/schrater_lab/courses/PattRecog09/RegressionII.pdf}, journal={Regression II}, author={Schrater, Paul}} 
  
@misc{scikit, title={Learn: Machine learning in python - scikit-learn 0.16.1 documentation}, url={https://scikit-learn.org/}, journal={scikit}} 